% This file was created with JabRef 2.10.
% Encoding: UTF-8

@Article{Schuermann2017,
  Title                    = {3D correlative single-cell imaging utilizing fluorescence and refractive index tomography},
  Author                   = {M. Schürmann and G. Cojoc and S. Girardo and E. Ulbricht and J. Guck and P. Müller},
  Journal                  = {Journal of Biophotonics},
  Year                     = {2017},

  Month                    = {aug},
  Pages                    = {n/a},

  Doi                      = {10.1002/jbio.201700145},
  Publisher                = {Wiley-Blackwell}
}

